<record><leader>00000cas a22000007a 4500</leader><controlfield tag="001">26450171</controlfield><controlfield tag="008">920819c19929999kyuwn ne      0   a0eng c</controlfield><datafield ind1=" " ind2=" " tag="010"><subfield code="a">sn 92005193 </subfield></datafield><datafield ind1=" " ind2=" " tag="040"><subfield code="a">NSD</subfield><subfield code="b">eng</subfield><subfield code="c">NSD</subfield><subfield code="d">DLC</subfield><subfield code="d">KNP</subfield><subfield code="d">OCLCQ</subfield><subfield code="d">KYUBL</subfield><subfield code="d">DLC</subfield><subfield code="d">OCLCF</subfield><subfield code="d">OCLCO</subfield></datafield><datafield ind1=" " ind2=" " tag="012"><subfield code="j">0</subfield><subfield code="m">1</subfield></datafield><datafield ind1="1" ind2=" " tag="022"><subfield code="a">1064-895X</subfield><subfield code="l">1064-895X</subfield><subfield code="y">0745-7006</subfield><subfield code="2">1</subfield></datafield><datafield ind1="1" ind2=" " tag="029"><subfield code="a">AU@</subfield><subfield code="b">000020695469</subfield></datafield><datafield ind1=" " ind2=" " tag="032"><subfield code="a">694350</subfield><subfield code="b">USPS</subfield></datafield><datafield ind1=" " ind2=" " tag="037"><subfield code="b">Butler County Banner, Box 219, Morgantown, KY 42261</subfield></datafield><datafield ind1=" " ind2=" " tag="042"><subfield code="a">nsdp</subfield><subfield code="a">pcc</subfield></datafield><datafield ind1=" " ind2="4" tag="222"><subfield code="a">The Butler County banner and the Green River Republican</subfield></datafield><datafield ind1="0" ind2="4" tag="245"><subfield code="a">The Butler County banner and the Green River Republican.</subfield></datafield><datafield ind1="1" ind2="3" tag="246"><subfield code="a">Green River Republican and the Butler County banner</subfield></datafield><datafield ind1="1" ind2="7" tag="246"><subfield code="a">Butler County banner</subfield></datafield><datafield ind1=" " ind2=" " tag="260"><subfield code="a">Morgantown, Ky. :</subfield><subfield code="b">Roger and Deborah T. Givens, Pub.</subfield></datafield><datafield ind1=" " ind2=" " tag="300"><subfield code="a">v.</subfield></datafield><datafield ind1=" " ind2=" " tag="310"><subfield code="a">Weekly (except Christmas)</subfield></datafield><datafield ind1="0" ind2=" " tag="362"><subfield code="a">Vol. 10, no. 3 (July 1, 1992)-</subfield></datafield><datafield ind1=" " ind2=" " tag="588"><subfield code="a">Latest issue consulted: Vol. 126, no. 113 (February 27, 2013 (surrogate).</subfield></datafield><datafield ind1=" " ind2=" " tag="580"><subfield code="a">Formed by the merger of: Butler County banner; and: Green River Republican.</subfield></datafield><datafield ind1=" " ind2="4" tag="651"><subfield code="a">Butler County (Ky.)</subfield><subfield code="v">Newspapers.</subfield></datafield><datafield ind1=" " ind2="4" tag="651"><subfield code="a">Morgantown (Ky.)</subfield><subfield code="v">Newspapers.</subfield></datafield><datafield ind1=" " ind2="0" tag="651"><subfield code="a">Butler County (Ky.)</subfield><subfield code="x">Newspapers.</subfield></datafield><datafield ind1=" " ind2="0" tag="651"><subfield code="a">Morgantown (Ky.)</subfield><subfield code="x">Newspapers.</subfield></datafield><datafield ind1=" " ind2="7" tag="655"><subfield code="a">Newspapers.</subfield><subfield code="2">fast</subfield><subfield code="0">(OCoLC)fst01423814</subfield></datafield><datafield ind1=" " ind2="7" tag="651"><subfield code="a">Kentucky</subfield><subfield code="z">Butler County.</subfield><subfield code="2">fast</subfield><subfield code="0">(OCoLC)fst01215987</subfield></datafield><datafield ind1=" " ind2="7" tag="651"><subfield code="a">Kentucky</subfield><subfield code="z">Morgantown.</subfield><subfield code="2">fast</subfield><subfield code="0">(OCoLC)fst01218335</subfield></datafield><datafield ind1=" " ind2=" " tag="752"><subfield code="a">United States</subfield><subfield code="b">Kentucky</subfield><subfield code="c">Butler</subfield><subfield code="d">Morgantown.</subfield></datafield><datafield ind1="1" ind2="4" tag="780"><subfield code="t">Butler County banner</subfield><subfield code="x">0745-7006</subfield><subfield code="w">(DLC)sn 83007382</subfield><subfield code="w">(OCoLC)9387214</subfield></datafield><datafield ind1="1" ind2="4" tag="780"><subfield code="t">Green River Republican</subfield><subfield code="w">(DLC)sn 86069302</subfield><subfield code="w">(OCoLC)13905322</subfield></datafield></record>